@incollection{IDAS,
year={2005},
isbn={978-0-387-24226-2},
booktitle={Managing Cyber Threats},
volume={5},
series={Massive Computing},
editor={Kumar, Vipin and Srivastava, Jaideep and Lazarevic, Aleksandar},
doi={10.1007/0-387-24230-9_2},
title={Intrusion Detection: A Survey},
author={Lazarevic, A. and Kumar, V. and Srivastava, J.},
pages={19-78},
}
@article{Modi201342,
title = "A survey of intrusion detection techniques in Cloud ",
journal = "Journal of Network and Computer Applications ",
volume = "36",
number = "1",
pages = "42 - 57",
year = "2013",
note = "",
issn = "1084-8045",
doi = "http://dx.doi.org/10.1016/j.jnca.2012.05.003",
url = "http://www.sciencedirect.com/science/article/pii/S1084804512001178",
author = "C. Modi and D. Patel and B. Borisaniya and H. Patel and A. Patel and M. Rajarajan",
}

@INPROCEEDINGS{5380611, 
author={Roschke, S. and Feng Cheng and Meinel, C.}, 
booktitle={Dependable, Autonomic and Secure Computing, 2009. DASC '09. Eighth IEEE International Conference on}, 
title={Intrusion Detection in the Cloud}, 
year={2009}, 
month={Dec}, 
pages={729-734}, 
}

@ARTICLE{Kabiri05researchon,
    author = {P. Kabiri and A. A. Ghorbani},
    title = {Research on intrusion detection and response: A survey},
    journal = {International Journal of Network Security},
    year = {2005},
    volume = {1},
    pages = {84--102}
}

@INPROCEEDINGS{6158820, 
author={Vanathi, R. and Gunasekaran, S.}, 
booktitle={Computer Communication and Informatics (ICCCI), 2012 International Conference on}, 
title={Comparison of Network Intrusion Detection Systems in cloud computing environment}, 
year={2012}, 
month={Jan}, 
pages={1-6}, 
}

@article{Xu:2011:AMI:2603384.2603385,
 author = {Xu, J. and Arshad, J. and Townend, P.},
 title = {An Abstract Model for Integrated Intrusion Detection and Severity Analysis for Clouds},
 journal = {Int. J. Cloud Appl. Comput.},
 issue_date = {January 2011},
 volume = {1},
 number = {1},
 month = jan,
 year = {2011},
 issn = {2156-1834},
 pages = {1--16},
} 

@phdthesis{hommes-thesis,
	author = "Hommes, S",
	title = "Fault Detection and Network Security in Software-Defined Networks with OpenFlow",
	school = "University of Luxembourg",
	year = "2014"
}

@inproceedings{bellWP,
  author = "Bell",
  title = "Staying secure in the cloud: How to manage your network and data in a new age of computing",
  type = "White Paper",
  affiliation = "BELL",
  url = "http://www.bell.ca/web/enterprise/newsRoom/en/pdf/SecurityCloudWP\_EN.pdf"
  %month = {Apr},
  %year = {2001},
}

@inproceedings{DenmarkWP,
  author = {The National IT and Telecom Agency},
  title = {Cloud audit and assurance initiatives},
  type = {White Paper},
  affiliation = {Denmark},
  month = {March},
  year = {2011},
  %url = {http://www.bell.ca/web/enterprise/newsRoom/en/pdf/SecurityCloudWP_EN.pdf}
}

@inproceedings{CSCCWP,
  author = {Cloud Standards Customer Council},
  title = {Cloud Security Standards: What to Expect and What to Negotiate},
  type = {White Paper},
  month = {October},
  year = {2013},
  %affiliation = {Denmark},
  %url = {http://www.bell.ca/web/enterprise/newsRoom/en/pdf/SecurityCloudWP_EN.pdf}
}

@article{subashini2011survey,
  title={A survey on security issues in service delivery models of cloud computing},
  author={Subashini, Subashini and Kavitha, V},
  journal={Journal of Network and Computer Applications},
  volume={34},
  number={1},
  pages={1--11},
  year={2011},
  publisher={Elsevier}
}

@article{ryan2013cloud,
  title={Cloud computing security: The scientific challenge, and a survey of solutions},
  author={Ryan, Mark D},
  journal={Journal of Systems and Software},
  volume={86},
  number={9},
  pages={2263--2268},
  year={2013},
  publisher={Elsevier}
}

@inproceedings{singaporeWP,
  author = {Infocomm Development Authority},
  title = {Multi-Tiered Cloud Security Standard for Singapore (MTCS SS) Audit Checklist (For cross certification from ISO\/IEC 27001:2005 to MTCS SS)},
  type = {White Paper},
  month = {February},
  year = {2014},
  affiliation = {Singapore},
  %url = {http://www.bell.ca/web/enterprise/newsRoom/en/pdf/SecurityCloudWP_EN.pdf}
%}

@article{Giotis2014122,
title = "Combining OpenFlow and sFlow for an effective and scalable anomaly detection and mitigation mechanism on \{SDN\} environments ",
journal = "Computer Networks ",
volume = "62",
number = "0",
pages = "122 - 136",
year = "2014",
author = "K. Giotis and C. Argyropoulos and G. Androulidakis and D. Kalogeras and V. Maglaris",
}

@INPROCEEDINGS{5735752, 
author={Braga, R. and Mota, E. and Passito, A.}, 
booktitle={Local Computer Networks (LCN), 2010 IEEE 35th Conference on}, 
title={Lightweight DDoS flooding attack detection using NOX/OpenFlow}, 
year={2010}, 
month={Oct}, 
pages={408-415}, 
}

@inproceedings{Shin:2013:ASV:2508859.2516684,
 author = {Shin, S. and Yegneswaran, V. and Porras, P. and Gu, G.},
 title = {AVANT-GUARD: Scalable and Vigilant Switch Flow Management in Software-defined Networks},
 booktitle = {Proceedings of the 2013 ACM SIGSAC Conference on Computer and  Communications Security},
 series = {CCS '13},
 year = {2013},
 pages = {413--424},
}

@inproceedings{Kazemian:2013:RTN:2482626.2482638,
 author = {Kazemian, P. and Chang, M. and Zeng, H. and Varghese, G. and McKeown, N. and Whyte, S.},
 title = {Real Time Network Policy Checking Using Header Space Analysis},
 booktitle = {Proceedings of the 10th USENIX Conference on Networked Systems Design and Implementation},
 series = {nsdi'13},
 year = {2013},
 pages = {99--112},
} 

@inproceedings{Mundada:2011:SDN:2170444.2170457,
 author = {Mundada, Y. and Ramachandran, A. and Feamster, N.},
 title = {Silverline: Data and Network Isolation for Cloud Services},
 booktitle = {Proceedings of the 3rd USENIX Conference on Hot Topics in Cloud Computing},
 series = {HotCloud'11},
 year = {2011},
 pages = {13--13},
}



@INPROCEEDINGS{6753796, 
author={Ruebsamen, T. and Reich, C.}, 
booktitle={Cloud Computing Technology and Science (CloudCom), 2013 IEEE 5th International Conference on}, 
title={Supporting Cloud Accountability by Collecting Evidence Using Audit Agents}, 
year={2013}, 
month={Dec}, 
volume={1}, 
pages={185-190}, 
}

@INPROCEEDINGS{6274008, 
author={Doelitzscher, F. and Fischer, C. and Moskal, D. and Reich, C. and Knahl, M. and Clarke, N.}, 
booktitle={Services (SERVICES), 2012 IEEE Eighth World Congress on}, 
title={Validating Cloud Infrastructure Changes by Cloud Audits}, 
year={2012}, 
month={June}, 
pages={377-384}, 
}



