@inproceedings{Al-Shaer:2010:FCA:1866898.1866905,
 author = {Al-Shaer, Ehab and Al-Haj, Saeed},
 title = {FlowChecker: Configuration Analysis and Verification of Federated Openflow Infrastructures},
 booktitle = {Proceedings of the 3rd ACM Workshop on Assurable and Usable Security Configuration},
 series = {SafeConfig '10},
 year = {2010},
 isbn = {978-1-4503-0093-3},
 location = {Chicago, Illinois, USA},
 pages = {37--44},
 numpages = {8},
 url = {http://doi.acm.org/10.1145/1866898.1866905},
 doi = {10.1145/1866898.1866905},
 acmid = {1866905},
 publisher = {ACM},
 address = {New York, NY, USA},
 keywords = {access control, automated analysis, binary decision diagrams, configuration verification, openflow},
} 
@inproceedings{Kazemian:2013:RTN:2482626.2482638,
 author = {Kazemian, Peyman and Chang, Michael and Zeng, Hongyi and Varghese, George and McKeown, Nick and Whyte, Scott},
 title = {{Real Time Network Policy Checking Using Header Space Analysis}},
 booktitle = {Proceedings of the 10th USENIX Conference on Networked Systems Design and Implementation},
 series = {nsdi'13},
 year = {2013},
 location = {Lombard, IL},
 pages = {99--112},
 numpages = {14},
 publisher = {USENIX Association},
 address = {Berkeley, CA, USA},
} 
@inproceedings{McGeer:2012:SEU:2342441.2342454,
 author = {McGeer, Rick},
 title = {A Safe, Efficient Update Protocol for Openflow Networks},
 booktitle = {Proceedings of the First Workshop on Hot Topics in Software Defined Networks},
 series = {HotSDN '12},
 year = {2012},
 isbn = {978-1-4503-1477-0},
 location = {Helsinki, Finland},
 pages = {61--66},
 numpages = {6},
 url = {http://doi.acm.org/10.1145/2342441.2342454},
 doi = {10.1145/2342441.2342454},
 acmid = {2342454},
 publisher = {ACM},
 address = {New York, NY, USA},
 keywords = {logic synthesis, openflow, reliable update},
}
@article{Mai:2011:DDP:2043164.2018470,
 author = {Mai, Haohui and Khurshid, Ahmed and Agarwal, Rachit and Caesar, Matthew and Godfrey, P. Brighten and King, Samuel Talmadge},
 title = {Debugging the Data Plane with Anteater},
 journal = {SIGCOMM Comput. Commun. Rev.},
 issue_date = {August 2011},
 volume = {41},
 number = {4},
 month = aug,
 year = {2011},
 issn = {0146-4833},
 pages = {290--301},
 numpages = {12},
 url = {http://doi.acm.org/10.1145/2043164.2018470},
 doi = {10.1145/2043164.2018470},
 acmid = {2018470},
 publisher = {ACM},
 address = {New York, NY, USA},
 keywords = {boolean satisfiability, data plane analysis, network troubleshooting},
} 
@inproceedings{Khurshid:2012:VVN:2342441.2342452,
 author = {Khurshid, Ahmed and Zhou, Wenxuan and Caesar, Matthew and Godfrey, P. Brighten},
 title = {{VeriFlow: Verifying Network-Wide Invariants in Real-Time}},
 booktitle = {Proceedings of the first workshop on Hot topics in software defined networks},
 series = {HotSDN '12},
 year = {2012},
 isbn = {978-1-4503-1477-0},
 location = {Helsinki, Finland},
 pages = {49--54},
 numpages = {6},
 publisher = {ACM},
 address = {New York, NY, USA},
 keywords = {debugging, forwarding, openflow, real time, software-defined networking},
}
@inproceedings{Porras:2012:SEK:2342441.2342466,
 author = {Porras, Philip and Shin, Seungwon and Yegneswaran, Vinod and Fong, Martin and Tyson, Mabry and Gu, Guofei},
 title = {A Security Enforcement Kernel for OpenFlow Networks},
 booktitle = {Proceedings of the First Workshop on Hot Topics in Software Defined Networks},
 series = {HotSDN '12},
 year = {2012},
 isbn = {978-1-4503-1477-0},
 location = {Helsinki, Finland},
 pages = {121--126},
 numpages = {6},
 url = {http://doi.acm.org/10.1145/2342441.2342466},
 doi = {10.1145/2342441.2342466},
 acmid = {2342466},
 publisher = {ACM},
 address = {New York, NY, USA},
 keywords = {openflow, policy enforcement, security},
} 
@incollection{Wang2013,
year={2013},
isbn={978-3-319-03583-3},
booktitle={Cyberspace Safety and Security},
volume={8300},
series={Lecture Notes in Computer Science},
editor={Wang, Guojun and Ray, Indrakshi and Feng, Dengguo and Rajarajan, Muttukrishnan},
doi={10.1007/978-3-319-03584-0_8},
title={Towards a Security-Enhanced Firewall Application for OpenFlow Networks},
url={http://dx.doi.org/10.1007/978-3-319-03584-0_8},
publisher={Springer International Publishing},
keywords={SDN; Firewall; Openflow; Security},
author={Wang, Juan and Wang, Yong and Hu, Hongxin and Sun, Qingxin and Shi, He and Zeng, Longjie},
pages={92-103}
}
@INPROCEEDINGS{FLOVERICC13, 
author={Son, S. and Seungwon Shin and Yegneswaran, V. and Porras, P. and Guofei Gu}, 
booktitle={Communications (ICC), 2013 IEEE International Conference on}, 
title={Model checking invariant security properties in OpenFlow}, 
year={2013}, 
month={June}, 
pages={1974-1979}, 
keywords={business communication;dynamic programming;formal verification;open systems;telecommunication control;Flover;NOX;OpenFlow network controller;OpenFlow switching specification;Yices SMT solver;dynamic flow policies;dynamic programming;flow control policies;formal validation;model checking invariant security properties;model checking system;open standard;production networks;security policy;Educational institutions;Model checking;Ports (Computers);Security;Standards;Switches}, 
doi={10.1109/ICC.2013.6654813}, 
ISSN={1550-3607},}
@inproceedings{Reitblatt:2011:CUS:2070562.2070569,
 author = {Reitblatt, Mark and Foster, Nate and Rexford, Jennifer and Walker, David},
 title = {Consistent Updates for Software-defined Networks: Change You Can Believe in!},
 booktitle = {Proceedings of the 10th ACM Workshop on Hot Topics in Networks},
 series = {HotNets-X},
 year = {2011},
 isbn = {978-1-4503-1059-8},
 location = {Cambridge, Massachusetts},
 pages = {7:1--7:6},
 articleno = {7},
 numpages = {6},
 url = {http://doi.acm.org/10.1145/2070562.2070569},
 doi = {10.1145/2070562.2070569},
 acmid = {2070569},
 publisher = {ACM},
 address = {New York, NY, USA},
 keywords = {OpenFlow, consistency, frenetic, network programming languages, planned change, software-defined networking},
} 
@incollection{Chakraborty2012,
year={2012},
isbn={978-3-642-33385-9},
booktitle={Automated Technology for Verification and Analysis},
series={Lecture Notes in Computer Science},
editor={Chakraborty, Supratik and Mukund, Madhavan},
doi={10.1007/978-3-642-33386-6_1},
title={Verification of Computer Switching Networks: An Overview},
url={http://dx.doi.org/10.1007/978-3-642-33386-6_1},
publisher={Springer Berlin Heidelberg},
author={Zhang, Shuyuan and Malik, Sharad and McGeer, Rick},
pages={1-16}
}
@incollection{SATanaysis,
year={2005},
isbn={978-3-540-29105-3},
booktitle={Correct Hardware Design and Verification Methods},
volume={3725},
series={Lecture Notes in Computer Science},
editor={Borrione, Dominique and Paul, Wolfgang},
doi={10.1007/11560548_20},
title={An Analysis of SAT-Based Model Checking Techniques in an Industrial Environment},
url={http://dx.doi.org/10.1007/11560548_20},
publisher={Springer Berlin Heidelberg},
author={Amla, Nina and Du, Xiaoqun and Kuehlmann, Andreas and Kurshan, RobertP. and McMillan, KennethL.},
pages={254-268},
language={English}
}
@article{surveySAT,
year={2005},
issn={1433-2779},
journal={International Journal on Software Tools for Technology Transfer},
volume={7},
number={2},
doi={10.1007/s10009-004-0183-4},
title={A survey of recent advances in SAT-based formal verification},
url={http://dx.doi.org/10.1007/s10009-004-0183-4},
publisher={Springer-Verlag},
keywords={Verification; SAT; Model checking; QBF; ATPG},
author={Prasad, Mukul R. and Biere, Armin and Gupta, Aarti},
pages={156-173},
language={English}
}
@article{Liu:2009:DDS:1639562.1639596,
 author = {Liu, Yang and Zhang, Linfeng and Guan, Yong},
 title = {A Distributed Data Streaming Algorithm for Network-wide Traffic Anomaly Detection},
 journal = {SIGMETRICS Perform. Eval. Rev.},
 issue_date = {September 2009},
 volume = {37},
 number = {2},
 month = oct,
 year = {2009},
 issn = {0163-5999},
 pages = {81--82},
 numpages = {2},
 url = {http://doi.acm.org/10.1145/1639562.1639596},
 doi = {10.1145/1639562.1639596},
 acmid = {1639596},
 publisher = {ACM},
 address = {New York, NY, USA},
}
@article{Lall:2006:DSA:1140103.1140295,
 author = {Lall, Ashwin and Sekar, Vyas and Ogihara, Mitsunori and Xu, Jun and Zhang, Hui},
 title = {Data Streaming Algorithms for Estimating Entropy of Network Traffic},
 journal = {SIGMETRICS Perform. Eval. Rev.},
 issue_date = {June 2006},
 volume = {34},
 number = {1},
 month = jun,
 year = {2006},
 issn = {0163-5999},
 pages = {145--156},
 numpages = {12},
 url = {http://doi.acm.org/10.1145/1140103.1140295},
 doi = {10.1145/1140103.1140295},
 acmid = {1140295},
 publisher = {ACM},
 address = {New York, NY, USA},
 keywords = {data streaming, traffic analysis},
} 
@INPROCEEDINGS{4268161,
author={Ganguly, S. and Garofalakis, Minos and Rastogi, R. and Sabnani, K.},
booktitle={Distributed Computing Systems, 2007. ICDCS '07. 27th International Conference on},
title={Streaming Algorithms for Robust, Real-Time Detection of DDoS Attacks},
year={2007},
month={June},
pages={4-4},
keywords={IP networks;Internet;cryptography;data structures;IP addresses;ISP networks;Internet;data-streaming algorithms;distributed denial-of-service attacks detection;hash-based synopsis data structure;Business;Computer crime;Data structures;Floods;Frequency;Internet;Monitoring;Network servers;Robustness;TCPIP},
doi={10.1109/ICDCS.2007.142},
ISSN={1063-6927},}
@misc{streamingAlgo,
author={S. Muthukrishnan},
title={Data streams: algorithms and applications},
howpublished={http://athos.rutgers.edu/~muthu/stream-1-1.ps},
}
@misc{bitglass,
author={Bitglass Inc.},
title={Bitglass Cloud Adoption Report: 5 Cloud Security Essentials},
howpublished={http://www2.bitglass.com/thefiveessentials-mc},
}
@inproceedings{ko,
  author    = {Ryan K. L. Ko and
               Peter Jagadpramana and
               Miranda Mowbray and
               Siani Pearson and
               Markus Kirchberg and
               Qianhui Liang and
               Bu-Sung Lee},
  title     = {TrustCloud: A Framework for Accountability and Trust in
               Cloud Computing},
  booktitle = {SERVICES},
  year      = {2011},
  pages     = {584-588},
  ee        = {http://doi.ieeecomputersociety.org/10.1109/SERVICES.2011.91},
  crossref  = {DBLP:conf/services/2011},
  bibsource = {DBLP, http://dblp.uni-trier.de}
}
@article{Doelitzscher,
  title={An agent based business aware incident detection system for cloud environments},
  author={Doelitzscher, Frank and Reich, Christoph and Knahl, Martin and Passfall, Alexander and Clarke, Nathan},
  journal={Journal of Cloud Computing},
  volume={1},
  number={1},
  pages={1--19},
  year={2012},
  publisher={Springer}
}
@inproceedings{TaheriMonfared,
  title={Multi-tenant Network Monitoring Based on Software Defined Networking},
  author={TaheriMonfared, Aryan and Rong, Chunming},
  booktitle={On the Move to Meaningful Internet Systems: OTM 2013 Conferences},
  pages={327--341},
  year={2013},
  organization={Springer}
}
@misc{csa,
author={{CSA Security}},
title={Trust \& Assurance Registry {(STAR)}},
howpublished={https://cloudsecurityalliance.org/star/},
}